@misc{lightstage,
	title = {Light Stage Data Gallery},
	howpublished = {\url{https://vgl.ict.usc.edu/Data/LightStage/}},
	note = {Accessed: 2021-01-10}
}


@article{DBLP:journals/corr/WangLL17,
	author    = {Liwei Wang and
	Yin Li and
	Svetlana Lazebnik},
	title     = {Learning Two-Branch Neural Networks for Image-Text Matching Tasks},
	journal   = {CoRR},
	volume    = {abs/1704.03470},
	year      = {2017},
	url       = {http://arxiv.org/abs/1704.03470},
	archivePrefix = {arXiv},
	eprint    = {1704.03470},
	timestamp = {Mon, 13 Aug 2018 16:46:11 +0200},
	biburl    = {https://dblp.org/rec/journals/corr/WangLL17.bib},
	bibsource = {dblp computer science bibliography, https://dblp.org}
}

@misc{martinbrualla2021nerf,
	title={NeRF in the Wild: Neural Radiance Fields for Unconstrained Photo Collections}, 
	author={Ricardo Martin-Brualla and Noha Radwan and Mehdi S. M. Sajjadi and Jonathan T. Barron and Alexey Dosovitskiy and Daniel Duckworth},
	year={2021},
	eprint={2008.02268},
	archivePrefix={arXiv},
	primaryClass={cs.CV}
}

@misc{bi2020neural,
	title={Neural Reflectance Fields for Appearance Acquisition}, 
	author={Sai Bi and Zexiang Xu and Pratul Srinivasan and Ben Mildenhall and Kalyan Sunkavalli and Miloš Hašan and Yannick Hold-Geoffroy and David Kriegman and Ravi Ramamoorthi},
	year={2020},
	eprint={2008.03824},
	archivePrefix={arXiv},
	primaryClass={cs.CV}
}

@misc{numpy,
	title = {NumPy},
	howpublished = {\url{https://numpy.org/}},
	note = {Accessed: 2021-03-14}
}

@misc{opencv,
	title = {OpenCV},
	howpublished = {\url{https://opencv.org/}},
	note = {Accessed: 2021-03-5}
}

@misc{python,
	title = {Python},
	howpublished = {\url{https://www.python.org/}},
	note = {Accessed: 2021-03-14}
}

@misc{pytorch,
	title = {PyTorch},
	howpublished = {\url{https://pytorch.org/}},
	note = {Accessed: 2021-03-12}
}

@misc{agave,
	title = {Research Computing},
	howpublished = {\url{https://asurc.atlassian.net/wiki/spaces/RC/overview}},
	note = {Accessed: 2021-02-25}
}

@misc{sitzmann2020implicit,
	title={Implicit Neural Representations with Periodic Activation Functions}, 
	author={Vincent Sitzmann and Julien N. P. Martel and Alexander W. Bergman and David B. Lindell and Gordon Wetzstein},
	year={2020},
	eprint={2006.09661},
	archivePrefix={arXiv},
	primaryClass={cs.CV}
}

@misc{tensorflow,
	title = {TensorFlow},
	howpublished = {\url{https://www.tensorflow.org/}},
	note = {Accessed: 2021-03-13}
}